<mx:record xmlns="http://www.w3.org/TR/xhtml1/strict" xmlns:mx="http://www.loc.gov/MARC21/slim" xmlns:xsi="http://www.w3.org/2001/XMLSchema-instance"><mx:leader>00000nz   2200000n  0000</mx:leader><mx:controlfield tag="001">oca03853894 </mx:controlfield><mx:controlfield tag="005">19950609052801.3</mx:controlfield><mx:controlfield tag="008">950607n| acannaab|          |n aaa     c</mx:controlfield><mx:datafield ind1=" " ind2=" " tag="010"><mx:subfield code="a">nr 95021121</mx:subfield></mx:datafield><mx:datafield ind1=" " ind2=" " tag="040"><mx:subfield code="a">NNC</mx:subfield><mx:subfield code="c">NNC</mx:subfield></mx:datafield><mx:datafield ind1="0" ind2=" " tag="100"><mx:subfield code="a">Hostius</mx:subfield></mx:datafield><mx:datafield ind1=" " ind2=" " tag="670"><mx:subfield code="a">Bellum histricum [CF] 1991:</mx:subfield><mx:subfield code="b">PHI CD ROM #5.3, Latin Canon, bibliographic screen (Hostius)</mx:subfield></mx:datafield><mx:datafield ind1=" " ind2=" " tag="670"><mx:subfield code="a">Oxford class. dict., 1st ed.:</mx:subfield><mx:subfield code="b">p. 441 (Hostius; epic poet, author of the Bellum Histricum)</mx:subfield></mx:datafield><mx:datafield ind1=" " ind2=" " tag="670"><mx:subfield code="a">Pauly-Wissowa:</mx:subfield><mx:subfield code="b">16. Halbbd., col. 2516; &amp;#034;Hostius&amp;#034;, #1 (Hostius)</mx:subfield></mx:datafield><mx:datafield ind1=" " ind2=" " tag="675"><mx:subfield code="a">NUC pre-56.</mx:subfield></mx:datafield></mx:record>